<?xml version="1.0" encoding="utf-8"?>
<record xmlns="http://www.loc.gov/MARC21/slim" xmlns:xsi="http://www.w3.org/2001/XMLSchema-instance" xsi:schemaLocation="http://www.loc.gov/MARC21/slim http://www.loc.gov/standards/marcxml/schema/MARC21slim.xsd">
	<leader>
		01810nam a2200337   4500
	</leader>
	<controlfield tag="001">
		001678564
	</controlfield>
	<controlfield tag="003">
		NNU
	</controlfield>
	<controlfield tag="006">
		m        d        
	</controlfield>
	<controlfield tag="007">
		cr cn |||m|||a
	</controlfield>
	<controlfield tag="008">
		151007s1951    ae      o     000 0 ara  
	</controlfield>
	<datafield ind1=" " ind2=" " tag="040">
		<subfield code="a">
			NNU
		</subfield>
		<subfield code="b">
			eng
		</subfield>
		<subfield code="c">
			NNU
		</subfield>
	</datafield>
	<datafield ind1=" " ind2=" " tag="050">
		<subfield code="a">
			DS234
		</subfield>
		<subfield code="b">
			.T3 1951
		</subfield>
	</datafield>
	<datafield ind1="0" ind2=" " tag="100">
		<subfield code="a">
			Ṭabarī,
		</subfield>
		<subfield code="d">
			838?-923.
		</subfield>
	</datafield>
	<datafield ind1="1" ind2="0" tag="240">
		<subfield code="a">
			Tārīkh al-rusul wa-al-mulūk.
		</subfield>
		<subfield code="k">
			Selections.
		</subfield>
		<subfield code="f">
			1951
		</subfield>
	</datafield>
	<datafield ind1="1" ind2="0" tag="245">
		<subfield code="a">
			Muntakhabāt min al-juzʼ al-thālith min Tārīkh al-umam wa-al-mulūk
		</subfield>
		<subfield code="h">
			[electronic resource] /
		</subfield>
		<subfield code="c">
			li-Abī Jaʻfar Muḥammad ibn Jarīr al-Ṭabarī ; iʻtaná bi-iltiqāṭiha wa-nashrihā Māriyūs Kānār.
		</subfield>
	</datafield>
	<datafield ind1=" " ind2=" " tag="260">
		<subfield code="a">
			al-Jazāʼir :
		</subfield>
		<subfield code="b">
			al-Maṭbaʻah al-Rasmīyah,
		</subfield>
		<subfield code="c">
			1951.
		</subfield>
	</datafield>
	<datafield ind1=" " ind2=" " tag="300">
		<subfield code="a">
			online resource (159 p.)
		</subfield>
	</datafield>
	<datafield ind1="1" ind2=" " tag="490">
		<subfield code="a">
			Maktabat Maʻhad al-Durūs al-ʻUlyā al-Islāmīyah bi-al-Jazāʼir ;
		</subfield>
		<subfield code="v">
			5
		</subfield>
	</datafield>
	<datafield ind1=" " ind2=" " tag="500">
		<subfield code="a">
			Title on back cover: Recueil de textes relatifs au califat abbaside d'Al-Mu'tacim à Al-Mu'tamid (218-279 -- 833-892).
		</subfield>
	</datafield>
	<datafield ind1=" " ind2=" " tag="500">
		<subfield code="a">
			Part of the Arabic Collections Online (ACO) project, contributed by New York Univeristy Libraries.
		</subfield>
	</datafield>
	<datafield ind1=" " ind2=" " tag="533">
		<subfield code="a">
			Electronic reproduction.
		</subfield>
		<subfield code="b">
			New York, N.Y. :
		</subfield>
		<subfield code="c">
			New York University,
		</subfield>
		<subfield code="d">
			2015.
		</subfield>
		<subfield code="5">
			NNU
		</subfield>
	</datafield>
	<datafield ind1=" " ind2="0" tag="651">
		<subfield code="a">
			Arab countries
		</subfield>
		<subfield code="x">
			History.
		</subfield>
	</datafield>
	<datafield ind1="1" ind2=" " tag="700">
		<subfield code="a">
			Canard, Marius.
		</subfield>
	</datafield>
	<datafield ind1="2" ind2=" " tag="710">
		<subfield code="a">
			New York University.
		</subfield>
		<subfield code="b">
			Libraries.
		</subfield>
	</datafield>
	<datafield ind1="0" ind2=" " tag="730">
		<subfield code="a">
			Arabic Collections Online.
		</subfield>
	</datafield>
	<datafield ind1="0" ind2=" " tag="740">
		<subfield code="a">
			Recueil de textes relatifs au califat abbaside d'Al-Mu'tacim à Al-Mu'tamid (218-279 -- 833-892).
		</subfield>
	</datafield>
	<datafield ind1="0" ind2="8" tag="776">
		<subfield code="i">
			Print version:
		</subfield>
		<subfield code="a">
			Ṭabarī, 838?-923.
		</subfield>
		<subfield code="t">
			Muntakhabāt min al-juzʼ al-thālith min Tārīkh al-umam wa-al-mulūk
		</subfield>
		<subfield code="w">
			(NNU)001678564
		</subfield>
		<subfield code="w">
			(DLC)ne 63002022
		</subfield>
	</datafield>
	<datafield ind1=" " ind2="0" tag="830">
		<subfield code="a">
			Bibliothèque de l'institut d'études supérieures islamiques d'Alger ;
		</subfield>
		<subfield code="v">
			5.
		</subfield>
	</datafield>
	<datafield ind1="4" ind2="0" tag="856">
		<subfield code="u">
			http://hdl.handle.net/2333.1/6djh9ztw
		</subfield>
	</datafield>
	<datafield ind1=" " ind2=" " tag="959">
		<subfield code="a">
			NNU
		</subfield>
		<subfield code="b">
			WEB
		</subfield>
		<subfield code="c">
			GENI
		</subfield>
		<subfield code="t">
			0
		</subfield>
		<subfield code="m">
			Electronic access
		</subfield>
		<subfield code="s">
			01
		</subfield>
	</datafield>
	<datafield ind1=" " ind2=" " tag="999">
		<subfield code="i">
			NNU_001678564
		</subfield>
		<subfield code="s">
			nyu_aco001381
		</subfield>
		<subfield code="e">
			(ERROR-880)
		</subfield>
	</datafield>
</record>
